//1
@article{matsumoto,
  title={カード操作方式におけるプログラミング学習支援システムにおける知識工学に基づくログデータ分析に関する研究}
}

//2
@article{matsumoto,
  title={カード操作方式におけるプログラミング学習支援システムにおけるラーニングアナリティクス},
  author={岩本颯 and 森永笑子 and 松本 慎平　and 林雄介 and 平嶋宗},
  journal={教育システム情報学会 2019年度学生研究発表会},
  pages={187--188},
  year={2019},
  publisher={教育システム情報学会}
}

//3
@articleb{松本慎平2018部分間の関係を考えることに焦点を当てたカード操作によるプログラミング学習システムの開発,
  title={カード操作方式によるプログラミング学習システムの学習過程を分析するための基礎的手法の提案},
  author={村上瑠香 and 森永笑子 and 松本 慎平　and 林雄介 and 岩井健吾 and 平嶋宗,},
  journal={教育システム情報学会 2018年度学生研究発表会},
  pages={181--182},
  year={2018},
  publisher={教育システム情報学会}
}
//4
@article{morinaga2019new,
  title={A new concept of distance modified by Levenshtein distance for clarifying the learning processes in card operation-based programming learning support system},
  author={Morinaga, Shoko and Matsumoto, Shimpei and Hayashi, Yusuke and Hirashima, Tsukasa},
  journal={2019 IIAI-AAI},
  pages={310--313},
  year={2019},
  organization={IEEE}
}

//5
@article{matsumoto2018,
  title={部分間の関係を考えることに焦点を当てたカード操作によるプログラミング学習システムの開発},
  author={松本慎平 and 林雄介 and 平嶋宗},
  journal={電気学会論文誌 C (電子・情報・システム部門誌)},
  volume={138},
  number={8},
  pages={999--1010},
  year={2018},
  publisher={一般社団法人 電気学会}
}
//6
@article{rengou2018,
  title={カード操作方式によるプログラミング学習システムのフィードバック機能の実装及び評価},
  author={森永笑子 and 松本慎平 and 林雄介 and 平嶋宗},
  journal={第43回教育システム情報学会全国大会,},
  number={P2-02},
  pages={233--234},
  year={2018},
  publisher={教育システム情報学会}
}
//7
@article{jsise2018,
  title={カード操作方式によるプログラミング学習システムのフィードバック機能の認知負荷抑制への効果},
  author={松本慎平 and 大下昌紀 and 買田康介},
  journal={平成30 年度(第69 回) 電気・情報関連学会中国支部連合大会,},
  year={2018},
  publisher={電気・情報関連学会}
}

//8
@article{matsu,
  title={C 言語初学者及びその教授者のためのサーバ・クライアントに基づくプログラミング学習支援システムの開発},
  author={松本慎平 and 大下昌紀 and 買田康介},
  journal={電気学会論文誌 C (電子・情報・システム部門誌)},
  volume={140},
  number={9},
  pages={1096--1109},
  year={2020},
  publisher={一般社団法人 電気学会}
}
//9
@article{松本慎平2020c,
  title={C言語プログラミング学習環境の構築とそれを用いた特徴的記述パターンの調査},
  author={松本慎平},
  journal={若手研究会講演論},
  pages={48--49},
  year={2018},
  publisher={若手研究会}
}

//10
@article{松本慎平2020c,
  title={初学者向けプログラミング学習システムのための支援機能の検討},
  author={小田樹 and 村上凌太 and 買田康介 and 濱田浩平 and 大下昌紀 and 松本慎平},
  journal={日本経営システム学会イノベーション指向データ分析研究部会2018年度第3回研究会},
  pages={17--18},
  year={2018},
  publisher={日本経営システム学会}
}

//11
@article{松本慎平2020c,
  title={初学者向けプログラミング学習システムにおける学習者支援機能の検討},
  author={買田康介 and 大下昌紀 and 松本慎平},
  journal={教育システム情報学会 2018年度学生研究発表会},
  pages={183--184},
  year={2018},
  publisher={教育システム情報学会}
}

//12
@article{8992754,
title={Improving User Experience of C Programming Language Learning System for Novices},  
author={Oshita, Masanori and Kaida, Kosuke and Matsumoto, Shimpei},  
journal={2019 8th International Congress on Advanced Applied Informatics (IIAI-AAI)},  
pages={306-309},
year={2019}
}

//13
@article{8992754,
title={初学者向けプログラミング学習システムにおける学習者支援機能の有用性評価のための実験方法の設計},  
author={大下昌紀 and 買田康介 and 松本慎平},
journal={第78 回情報システム研究会},  
pages={29-32},
year={2019}
}

//14
@article{松本慎平2020c,
  title={学習意欲向上を目的としたC言語におけるI/Oエラー修正学習手法の提案},
  author={大下昌紀 and 買田康介 and 松本慎平},
  journal={電気学会電子・情報・システム部門大会},
  number={GS10-6},
  pages={1242--1245},
  year={2019},
  publisher={電気学会}
}s
//15
@article{ogawa,
  title={初学者向けプログラミング学習支援システムHello C を用いたシンタックスエラー修正学習の提案},
  author={小川真輝 and 大下昌紀 and 買田康介 and 松本慎平},
  journal={教育システム情報学会 2019年度学生研究発表会},
  pages={189--190},
  year={2019},
  publisher={教育システム情報学会}
}
//16
@article{okimoto,
  title={Developing a source code reading tutorial system and analyzing its learning log data with multiple classification analysis},
  author={K. Okimoto and S. Matsumoto and S. Yamagishi and T. Kashima},
  journal={Journal of Artificial Life and Robotics},
  volume={22},
  pages={227--237},
  year={2017},
  publisher={Artificial Life and Robotics}
}
//17
@article{debug,
title={An intelligent tutoring system for introductory C language course},
author={J.S. Song and S.H. Hahn and K.Y. Tak and J.H. Kim},
journal={Computers Education},
volume={28},
number={2},
pages={93--102},
year={1997},
}

//18
@article{debug1,
title = {A Review of Automated Debugging Systems: Knowledge, Strategies and Techniques},
author = {Ducass\'{e}, M. and Emde, A.-M.},
journal = {Proceedings of the 10th International Conference on Software Engineering},
pages = {162–-171},
year = {1988}
}

//19
@article{debug2,
title = {An Analysis of Patterns of Debugging among Novice Computer Science Students},
author = {Ahmadzadeh, Marzieh and Elliman, Dave and Higgins, Colin},
volume = {37},
number = {3},
journal = {SIGCSE Bull.},
pages = {84–-88},
year = {2005}
}

//20
@article{error1,
title = {Debugging: finding, fixing and flailing, a multi-institutional study of novice debuggers},
author = { Sue   Fitzgerald  and  Gary   Lewandowski  and  Renée   McCauley  and  Laurie   Murphy  and  Beth   Simon  and  Lynda   Thomas  and  Carol   Zander },
journal = {Computer Science Education},
volume = {18},
number = {2},
pages = {93--116},
year  = {2008}
}

//21
@article{debug3,
title	 = {プログラムの誤り修正課題および正誤判定プログラムの自動生成},
   author	 = {蜂巣,吉成 and 吉田,敦 and 阿草,清滋},
   journal	 = {情報処理学会論文誌教育とコンピュータ（TCE）},
   volume	 = {3},
   number	 = {1},
   pages	 = {64--78},
   year 	 = {2017}
}

//22
@article{smallstep,
title	 = {The technology of teaching},
   author	 = {B. Skinner},
   journal	 = {Meredith Corporation},
   year 	 = {1968}
}
//23
@article{siem,
  title={工学部二部電子工学科におけるプログラミング入門教育の授業評価},
  author={土肥 紳一 and 宮川 治 and 今野 紀子},
  journal={工学教育},
  volume={55},
  number={4},
  pages={53--459},
  year={2007}
}

//24
@article{papert,
  title={Mindstorms: Children, Computers, and Powerful Ideas},
  author={S. Papert},
  journal={Basic Books},
  year={1988}
}

//25
@article{arcs,
  title={Use of the ARCS motivation model incourseware design},
  author={J. M. Keller and K. Suzuki},
  journal={Instructional designs for microcomputer courseware},
  year={1988}
}

@incollection{wirth2001program,
  title={Program development by stepwise refinement},
  author={Wirth, Niklaus},
  booktitle={Pioneers and Their Contributions to Software Engineering},
  pages={545--569},
  year={2001},
  publisher={Springer}
}

